@manual{Atmel2011,
    author = {Atmel Corporation},
    title = {ATtiny4313 Datasheet},
    year = {2011},
    note = {[Consultado el: 1 de septiembre del 2023]},
    organization = {Atmel Corporation}
}
@mastersthesis{Alley2011,
    author = {Peter Alley},
    title = {Introductory Microcontroller Programming},
    school = {Worcester Polytechnic Institute},
    year = {2011},
    month = {May},
    type = {Master's Thesis},
    advisor = {Prof. William Michalson},
    committee = {Prof. Taskin Padir, Prof. Susan Jarvis},
    keywords = {Microcontroller, Programming, Robotics},
}
@online{ArduinoInterrupciones2012,
  author = {0xDA bit},
  title = {Arduino tutorials cap 5. Interrupciones internas},
  year = {2012},
  url = {https://tallerarduino.com/2012/03/15/arduino-tutorials-cap-5-interrupciones-internas/},
  note = {Accedido el: 02, septiembre, 2023}
}
@online{interrupciones, 
  author = "Felipe Santiago",
  title = "{Libro sobre Controles Digitales: Capítulos 4, 5, 6, 7}",
  year = "Año de Publicación",
  url = "http://controlesdigitales.com/Libro_Felipe_Santiago/04_Cap_4_5_6_7.pdf",
  note = "Accedido el día [Fecha de acceso]",
  publisher = "{Editor o Institución}",
}

@online{drmaker2014debouncing,
  author = {Dr. Maker},
  title = {Debouncing de un pulsador momentáneo vía hardware},
  year = {2014},
  url = {https://drmaker.wordpress.com/2014/03/29/debouncing-de-un-pulsador-momentaneo-via-hardware/},
  urldate = {Fecha de acceso},
}

@online{microsoftInlineFunctions,
  author = {Microsoft},
  title = {Funciones en línea (inline) en C++},
  year = {Sin fecha},
  url = {https://learn.microsoft.com/es-es/cpp/cpp/inline-functions-cpp?view=msvc-170},
  urldate = {Fecha de acceso},
}

