@Manual{STM32F429xxDatasheet,
    title        = {STM32F427xx STM32F429xx Datasheet: 32b Arm® Cortex®-M4 MCU+FPU, 225DMIPS, up to 2MB Flash/256+4KB RAM, USB OTG HS/FS, Ethernet, 17 TIMs, 3 ADCs, 20 com. interfaces, camera \& LCD-TFT},
    author       = {STMicroelectronics},
    organization = {STMicroelectronics},
    year         = {2018},
    month        = {1},
    note         = {Available at \url{www.st.com}},
    url          = {www.st.com}
}

 